------------------------ Thesis: annotated bibtex file


updates wrt old papers on Xprez, Invariants and Architecture Combinators:

roisin97implementin -> roisin97cutPaste
kingston93design    -> kingston93lout
ccss                -> badros99ccss
haskel              -> peytonJones98haskell


GENERAL PAPERS ON EDITING

@inproceedings{lang86usefulness,
 author = {Bernard Lang},
 title = {On the usefulness of syntax directed editors},
 booktitle = {An international workshop on Advanced programming environments},
 year = {1986},
 isbn = {0-387-17189-4},
 pages = {47--51},
 location = {Trondheim, Norway},
 publisher = {Springer-Verlag},
 }



@article{OmanCook90typography,
 author = {Paul W. Oman and Curtis R. Cook},
 title = {Typographic style is more than cosmetic},
 journal = {Communications of the ACM},
 volume = {33},
 number = {5},
 year = {1990},
 issn = {0001-0782},
 pages = {506--520},
 doi = {http://doi.acm.org/10.1145/78607.78611},
 publisher = {ACM Press},
 }

Importance of good presentation for programming




EDITORS
@inproceedings{stallman81emacs,
 author = {Richard M. Stallman},
 title = {EMACS the extensible, customizable self-documenting display editor},
 booktitle = {Proceedings of the ACM SIGPLAN SIGOA symposium on Text manipulation},
 year = {1981},
 isbn = {0-89791-050-8},
 pages = {147--156},
 location = {Portland, Oregon, United States},
 }

@article{arefi90visualSynEditors,
 author = {Farah Arefi and Charles E. Hughes and David A. Workman},
 title = {Automatically generating visual syntax-directed editors},
 journal = {Communications of the ACM},
 volume = {33},
 number = {3},
 year = {1990},
 issn = {0001-0782},
 pages = {349--360},
 doi = {http://doi.acm.org/10.1145/77481.77487},
 publisher = {ACM Press},
 }




@article{reiss99desert,
 author = {Steven P. Reiss},
 title = {The Desert environment},
 journal = {ACM Transactions on Software Engineering and Methodology (TOSEM)},
 volume = {8},
 number = {4},
 year = {1999},
 issn = {1049-331X},
 pages = {297--342},
 doi = {http://doi.acm.org/10.1145/322993.322994},
 publisher = {ACM Press},
 }



@article{Bahlke86PSG,
 author = {Rolf Bahlke and Gregor Snelting},
 title = {The PSG system: from formal language definitions to interactive programming environments},
 journal = {ACM Transactions on Programming Languages and Systems (TOPLAS)},
 volume = {8},
 number = {4},
 year = {1986},
 issn = {0164-0925},
 pages = {547--576},
 doi = {http://doi.acm.org/10.1145/6465.20890},
 publisher = {ACM Press},
 }

@misc{ williams94HTMLAndrewSYS,
  author = "N. Williams and T. Wilkinson",
  title = "Experiences in Writing a WYSIWYG Editor for HTML",
  text = "Williams, N. and Wilkinson, T. Experiences in Writing a WYSIWYG Editor
    for HTML, Proceedings of WWW'94, Switzerland.",
  url = "citeseer.nj.nec.com/24610.html" }




@techReport{ koorn92gse,
  author = "J. Koorn",
  title = "GSE: A generic text and structure editor",
  text = "J.W.C. Koorn. GSE: A generic text and structure editor. Report P9202, University
    of Amsterdam, 1992.",
  year = "1992",
  url = "citeseer.nj.nec.com/koorn92gse.html" }





Partial:

@article{ budinsky85sre }

BUDINSKY, F. J., HOLT, R. C., AND ZAKY, S. G. SRE-a syntax-recognizing editor. Software--Practice & Experience 15, 5 (May 1985), 489-497. 







@inproceedings{ badros99ccss,
    author = "B. Magnusson and M. Bengtsson and L.O. Dahlin and G. Fries and A. Gustavsson and G. Hedin and S. Minor and D. Oscarsson and M. Taube",
    title = "An Overview of the Mjolner/Orm Environment: Incremental Language and Software Development",
    booktitle = "TOOLS'90, Paris, France",
    url = "http://www.cs.lth.se/Research/ProgEnv/Orm.html" 
}
 



@misc{ roisin97cutPaste,
    author = "C. Roisin and P. Claves and E. Akpotsui",
    title = "Implementing the Cut-and-Paste Operation in a Structured Editing System",
    text = "C. Roisin, P. Claves, E. Akpotsui, Implementing the Cut-and-Paste Operation
      in a Structured Editing System, Mathematical and Computer Modelling, vol.
      vol. 26, num. 1, pp. 85-96, 1997.",
    year = "1997"
} -- partial



A more general form of paste. Documents that have the same structure are matched. Also when the source type appears somewhere in the destination type, paste succeeds ((Section (Paragraph str)) can be pasted in (Chapter (Section (Paragraph str))))) Finally, also when source is a cluster of target, paste can succeed. Implemented in Grif editor. Trees are represented using Dyck words.



@article{kingston93lout,
    author = "Jeffrey H. Kingston",
    title = "Design and implementation of the {Lout} document formatting language",
    journal = "Soft{\-}ware- Prac{\-}tice and Experience",
    volume = "23",
    number = "9",
    pages = "1001--1041",
    year = "1993"
}
%journal = "Soft{\-}ware\emdash Prac{\-}tice and Experience",
%                       \emdash does not exist

Galley approach to formatting. Galleys are like attributes that flow through the document until they find their target. They can be used to generate footnotes, tables of content, references, etc. Quite difficult to understand.

Primitives do not seem very compositional: row [Big, col[vLine, small, vLine]] does not distribute space over lines nicely.

@article{ marden98psl,
    author = "Jr. P. M. Marden and E. V. Munson",
    title = "{PSL}: An Alternate Approach to Style Sheet Languages for the {World Wide Web}",
    journal = "J.UCS: Journal of Universal Computer Science",
    volume = "4",
    number = "10",
    pages = "792--??",
    year = "1998",
    url = "citeseer.nj.nec.com/marden98psl.html"
}

@Article{Paige:1982:FDC,
  author =       "Robert Paige and Shaye Koenig",
  title =        "Finite Differencing of Computable Expressions",
  journal =      j-TOPLAS,
  volume =       "4",
  number =       "3",
  pages =        "402--454",
  month =        jul,
  year =         "1982",
  CODEN =        "ATPSDT",
  ISSN =         "0164-0925",
  bibsource =    "Compiler/bevan.bib, Compiler/Compiler.Lins.bib,
                 Compiler/TOPLAS.bib",
  abstract =     "Finite differencing is a program optimization method
                 that generalizes strength reduction, and provides an
                 efficient implementation for a host of program
                 transformations including ``iterator inversion.''
                 Finite differencing is formally specified in terms of
                 more basic transformations shown to preserve program
                 semantics. Estimates of the speedup that the technique
                 yields are given. A full illustrative example of the
                 algorithm is given.",
  acknowledgement = ack-pb,
  checked =      "19940302",
  keywords =     "algorithms; automatic programming; computations on
                 discrete structures; differentiable expression;
                 languages; optimization; program transformation; SETL;
                 theory; verification; very high-level languages",
  source =       "Dept. Library",
}

Differencing used to optimize imperative programs, by replacing updates to freevars x1,...,xn in E(x1,...,xn) to updates on incremental E, and using that E instead of recomputing it every time. In proxima, we have doc = doc0; loop { rend = pres doc; doc = deltadoc doc; }
is it possible to do:
doc = doc0; rend = pres doc;
loop { doc = deltadoc doc; deltarendering = ..deltadoc ..; rendering = deltarendering rendering}
?





------------------------ W3C Stuff:

TODO Fix w3c refs so they are correct
  use author list instead of World Wide Web Consortium
  use latest versions, or cite the ones that were used for the papers?)

If you believe your usage falls within the exception of fair use (e.g., in the U.S. § 107 Title 17. Limitations on exclusive rights: Fair use) we ask that your citation or reference to the excerpted material include the document's title, editors/authors, publication date, URL and an indication of its maturity/status (e.g., Working Draft, Recommendation, Note, etc.).
@TechReport{
W3C:99-2,
author = {{Dave Raggett, et al}},
title = {{HTML 4.01 Specification}},
year = {{W3C Recommendation, 24 December 1999}},
institution = {{W3C HTML Working Group.}},
type = {{Specification,
http://www.w3.org/TR/1999/REC-html401-19991224}}
}

@TechReport{xml,
    author = "World Wide Web Consortium",
    title = "Extensible markup language (XML) 1.0 (2nd edition)",
    year = "W3C Recommendation, Oct. 6, 2000",
    journal = ""
    url = {\url|http://www.w3.org/TR/REC-xml|}
}

@TechReport{xsl,
    author = "World Wide Web Consortium",
    title = "Extensible Stylesheet Language (XSL)",
    year = "W3C Working Draft, 21 November 2000",
    journal = ""
    url = {\url|http://www.w3.org/TR/WD-xsl|}
}

@TechReport{css,
    author = "World Wide Web Consortium",
    title = "Cascading Style Sheets, level 2 (CSS2)",
    year = "W3C Recommendation, 12 May 1998",
    journal = ""
    url = {\url|http://www.w3.org/TR/REC-CSS2|}
}

@TechReport{mathml,
    author = "World Wide Web Consortium",
    title = "Mathematical Markup Language (MathML)",
    year = "W3C Recommendation, 21 February 2001",
    journal = ""
    url= {\url|http://www.w3.org/TR/MathML2|}
}

------------------------    

@article{ ballance92pan,
    author = "Robert A. Ballance and Susan L. Graham and Michael L. Van de Vanter",
    title = "The {Pan} language-based editing system",
    journal = "ACM Transactions on Software Engineering and Methodology",
    volume = "1",
    number = "1",
    pages = "95--127",
    year = "1992",
    url = \url|citeseer.nj.nec.com/ballance91pan.html|
}

@inproceedings{ badros99ccss,
    author = "Greg J. Badros and Alan Borning and Kim Marriott and Peter J. Stuckey",
    title = "Constraint Cascading Style Sheets for the Web",
    booktitle = "{ACM} Symposium on User Interface Software and Technology",
    pages = "73-82",
    year = "1999",
    url = "citeseer.nj.nec.com/badros99constraint.html" 
}
    
@Article{quint1997thot,
    author = "V. Quint, translated by E. V. Munson.",
    title = "The languages of Thot",
    year = "INRIA, 1997",
    journal = ""
    url = {\url|http://www.inrialpes.fr/opera/Thot/Doc/languages.html|}
}


    <reference id="oppen">D.C. Oppen, <em>Prettyprinting.</em> ACM Transactions
      on Programming Languages and Systems 2(4), pp 465-483, 1980.</reference> 

@Article{oppen,
    author = "Pino",
    title = "Bla",
    year = "1999",
    journal = "Sesamboek"
}
    <reference id="swierstra">S.D. Swierstra, P.R. Azero Alcocer, J. Saraiava.
      <em>Designing and Implementing Combinator Languages</em>. In Advanced
      Functional Programming, Third International School, AFP'98, Springer-Verlag,
      LNCS 1608, pp 150-206,1999. </reference> 

@Article{swierstra,
    author = "Pino",
    title = "Bla",
    year = "1999",
    journal = "Sesamboek"
}
    <reference id="hughes">J. Hughes. <em>The design of a pretty-printing
      library.</em> In J. Jeuring and E. Meijer, editors, First International Spring
      School on Advanced Functional Programming Techniques, LNCS 925, pp 53-96.
      Springer-Verlag, 1995. </reference> 

@Article{hughes,
    author = "Pino",
    title = "Bla",
    year = "1999",
    journal = "Sesamboek"
}
    <reference id="kahl">W. Kahl. <em>Beyond Pretty-Printing: Galley Concepts
      in Document Formatting Combinators</em>. In G. Gupta, editor, Proceedings of
      the First International Workshop on Practical Aspects of Declarative Languages,
      San Antonio, Texas, USA, LNCS 1551, pp 76-90, Springer-Verlag,
      1999.</reference> 

@Article{kahl,
    author = "Pino",
    title = "Bla",
    year = "1999",
    journal = "Sesamboek"
}
    <reference id="brand">M.G.J. van den Brand and E. Visser. <em>Generation of
      formatters for context-free languages.</em> ACM Transactions on Software
      Engineering and Methodology 5(1), pp 1-41, 1996</reference> 

@Article{brand,
    author = "Pino",
    title = "Bla",
    year = "1999",
    journal = "Sesamboek"
}
    <reference id="tex">D.E. Knuth. <em>The \TeX book.</em> Addison Wesley,
      Reading, MA, 1984. </reference> 

@Article{tex,
    author = "Pino",
    title = "Bla",
    year = "1999",
    journal = "Sesamboek"
}
   <reference id="lout">J. Kingston. <em>The design and implementation of the
      Lout document formatting language</em>. Software--Practice and Experience, vol.
      23, pp 1001-1041, 1993.</reference> 
 @Article{lout,
    author = "Pino",
    title = "Bla",
    year = "1999",
    journal = "Sesamboek"
}

    
    <reference id="functionaltex">R. Heckmann and R. Wilhelm. <em>A functional
      description of TEX's formula layout.</em> Journal of Functional Programming
      7(5), pp 451-485, September 1997 </reference> 

@Article{functionaltex,
    author = "Pino",
    title = "Bla",
    year = "1999",
    journal = "Sesamboek"
}



    
    <reference id="ag">S.D. Swierstra, <em>Simple, Functional Attribute
      Grammars</em>. Utrecht University, 1999.
      \url|http://www.cs.uu.nl/groups/ST/Software/UU_AG/index.html|</reference> 

@Article{ag,
    author = "Pino",
    title = "Bla",
    year = "1999",
    journal = "Sesamboek"
}


@Article{architecture,
    author = "Martijn",
    title = "Bla",
    year = "1999",
    journal = "Sesamboek"
}

    <reference id="medvidovicTaylor">N. Medvidovic and R.N. Taylor. A
      classification and comparison framework for software architecture description
      languages. <em>IEEE Transactions on Software Engineering,</em> 26(1).
      2000.</reference> 

@Article{medvidovicTaylor,
    author = "Pino",
    title = "Bla",
    year = "1999",
    journal = "Sesamboek"
}


    <reference id="peytonJones98Haskell">S. Peyton Jones and J. Hughes. <em>Haskell 98: A
      Non-strict, Purely Functional Language</em>. February 1999.
      \url|http://www.haskell.org/onlinereport/|</reference> 

      Refer to Haskell report?
@Article{peytonJones98haskell,
    author = "Pino",
    title = "Bla",
    year = "1999",
    journal = "Sesamboek"
}

    <reference id="hudak">P. Hudak. Modular Domain Specific Languages and
      Tools. In I<em>nternational Conference on Software Reuse, ICSR 98</em>,
      1998</reference> 

@Article{hudak,
    author = "Pino",
    title = "Bla",
    year = "1999",
    journal = "Sesamboek"
}


@Article{proxima,
    author = "Pino",
    title = "Bla",
    year = "1999",
    journal = "Sesamboek"
}


    <reference id="cayenne">L. Augustsson. Cayenne - a language with dependent
      types. <em>Proceedings of the ICFP '98, ACM SIGPLAN Notices,</em> 34(1). 1999,
      pp. 239-50.</reference> 
@Article{cayenne,
    author = "Pino",
    title = "Bla",
    year = "1999",
    journal = "Sesamboek"
}

    <reference id="fundep">Mark P. Jones. Type Classes with Functional
      Dependencies. In <em>Proceedings of the 9th European Symposium on
      Programming,</em> E-SOP 2000, number 1782 in LNCS, Berlin, Germany, March 2000.
      Springer-Verlag. </reference> 
@Article{fundep,
    author = "Pino",
    title = "Bla",
    year = "1999",
    journal = "Sesamboek"
}


Transform the next references to bib items


from \data\documents\proxima\xprez.xml          * is unreferenced in Xprez paper

  <references> 
  * <reference id="cassowary">G. Badros and A. Borning. <em>The Cassowary
      linear arithmetic constraint solving algorithm: Interface and
      implementation.</em> Technical Report UW-CSE-9806 -04, University of
      Washington, Seattle, Washington, June 1998.</reference> 
    <reference id="ccss">G. J. Badros, A. Borning, K. Marriott, and P. Stuckey.
      <em>Constraint cascading style sheets for the web.</em> In Proceedings of the
      1999 ACM Conference on User Interface Software and Technology, November 1999.
      </reference> 
  * <reference id="clean">E. Barendsen and S. Smetsers. <em>Uniqueness typing
      for functional languages with graph rewriting semantics.</em> Mathematical
      Structures in Computer Science 6, pp 579-612, 1996. </reference> 
    <reference id="brand">M.G.J. van den Brand and E. Visser. <em>Generation of
      formatters for context-free languages.</em> ACM Transactions on Software
      Engineering and Methodology 5(1), pp 1-41, 1996</reference> 
    <reference id="functionaltex">R. Heckmann and R. Wilhelm. <em>A functional
      description of TEX's formula layout.</em> Journal of Functional Programming
      7(5), pp 451-485, September 1997 </reference> 
    <reference id="hughes">J. Hughes. <em>The design of a pretty-printing
      library.</em> In J. Jeuring and E. Meijer, editors, First International Spring
      School on Advanced Functional Programming Techniques, LNCS 925, pp 53-96.
      Springer-Verlag, 1995. </reference> 
    <reference id="kahl">W. Kahl. <em>Beyond Pretty-Printing: Galley Concepts
      in Document Formatting Combinators</em>. In G. Gupta, editor, Proceedings of
      the First International Workshop on Practical Aspects of Declarative Languages,
      San Antonio, Texas, USA, LNCS 1551, pp 76-90, Springer-Verlag,
      1999.</reference> 
    <reference id="lout">J. Kingston. <em>The design and implementation of the
      Lout document formatting language</em>. Software--Practice and Experience, vol.
      23, pp 1001-1041, 1993.</reference> 
    <reference id="tex">D.E. Knuth. <em>The \TeX book.</em> Addison Wesley,
      Reading, MA, 1984. </reference> 
  * <reference id="HAG">M.F. Kuiper, S.D. Swierstra, and H.H. Vogt. <em>Higher
      order attribute grammars.</em> In Proceedings of the 1989 ACM SIGPLAN
      Conference on Programming Language Design and Implementation, pp 131-145,
      1989.</reference> 
    <reference id="psl">P. M. Marden, Jr. and E. V. Munson. <em>PSL: An
      alternate approach to style sheet languages for the world wide web.</em>
      Journal of Universal Computer Science, 4(10), 1998. </reference> 
    <reference id="oppen">D.C. Oppen, <em>Prettyprinting.</em> ACM Transactions
      on Programming Languages and Systems 2(4), pp 465-483, 1980.</reference> 
    <reference id="haskell">S. Peyton Jones and J. Hughes. <em>Haskell 98: A
      Non-strict, Purely Functional Language</em>. February 1999.
      \url|http://www.haskell.org/onlinereport/|</reference> 
    <reference id="thot">V. Quint, translated by E. V. Munson. <em>The
      languages of Thot.</em> INRIA, 1997.
      \url|http://www.inrialpes.fr/opera/Thot/Doc/languages.html| </reference> 
    <reference id="swierstra">S.D. Swierstra, P.R. Azero Alcocer, J. Saraiava.
      <em>Designing and Implementing Combinator Languages</em>. In Advanced
      Functional Programming, Third International School, AFP'98, Springer-Verlag,
      LNCS 1608, pp 150-206,1999. </reference> 
    <reference id="ag">S.D. Swierstra, <em>Simple, Functional Attribute
      Grammars</em>. Utrecht University, 1999.
      \url|http://www.cs.uu.nl/groups/ST/Software/UU_AG/index.html|</reference> 
    <reference id="css">World Wide Web Consortium. <em>Cascading Style Sheets,
      level 2 (CSS2).</em> W3C Recommendation,12 May 1998.
      \url|http://www.w3.org/TR/REC-CSS2|</reference> 
    <reference id="xsl">World Wide Web Consortium. <em>Extensible Stylesheet
      Language (XSL).</em> W3C Working Draft, 21 November 2000.
      \url|http://www.w3.org/TR/WD-xsl|</reference> 
    <reference id="mathml">World Wide Web Consortium. <em>Mathematical Markup
      Language (MathML).</em> W3C Recommendation, 21 February 2001.
      \url|http://www.w3.org/TR/MathML2|<comment>empty line or comment required after last ref</comment> </reference> 
  </references> 

from: \Data\Documents\Proxima\Thesis\architecture-combinators.xml

  <references> 
    <reference id="cayenne">L. Augustsson. Cayenne - a language with dependent
      types. <em>Proceedings of the ICFP '98, ACM SIGPLAN Notices,</em> 34(1). 1999,
      pp. 239-50.</reference> 
    <reference id="hudak">P. Hudak. Modular Domain Specific Languages and
      Tools. In I<em>nternational Conference on Software Reuse, ICSR 98</em>,
      1998</reference> 
    <reference id="fundep">Mark P. Jones. Type Classes with Functional
      Dependencies. In <em>Proceedings of the 9th European Symposium on
      Programming,</em> E-SOP 2000, number 1782 in LNCS, Berlin, Germany, March 2000.
      Springer-Verlag. </reference> 
    <reference id="medvidovicTaylor">N. Medvidovic and R.N. Taylor. A
      classification and comparison framework for software architecture description
      languages. <em>IEEE Transactions on Software Engineering,</em> 26(1).
      2000.</reference> 
    <reference id="haskell">S. Peyton Jones and J. Hughes. <em>Haskell 98: A
      Non-strict, Purely Functional Language</em>. February 1999.
      \url|http://www.haskell.org/onlinereport/|</reference> 
    <reference id="architecture">M.M. Schrage, J. Jeuring, D. Swierstra, and L.
      Meertens. Layered Software Architectures for Editors, 2002, In
      preparation</reference> 
    <reference id="proxima">M.M. Schrage, J. Jeuring, D. Swierstra, and L.
      Meertens. <em>Proxima, a generic incremental XML editor,</em> 1999.
      \url|http://www.cs.uu.nl/research/projects/proxima/|</reference> 
  </references>

last big source \Data\Documents\Proxima\Thesis\architecture.xml contains no new references




------------ Nog uit te zoeken:


Parser Generation for Interactive Environments - Rekers (1992)   (Correct)   (55 citations) 
op gezag van Rector Magnificus Prof. dr. P.W.M. de Meijer, in het openbaar te verdedigen in de Aula der 
www.cwi.nl/ftp/gipe/reports/Rek92.ps.Z 
--

%article
Wolfram Kahl: Beyond Pretty-Printing: Galley Concepts in Document Formatting Combinators. PADL 1999: 76-90

A small Haskell implementation of Vertical Galleys. 
--

%article
Oege de Moor, Kevin Backhouse, S. Doaitse Swierstra:
First-class Attribute Grammars

Haskell/functional representation of attribute grammars on rose trees. Untyped with regard to the grammar of the data and presence of attributes (references to child synthesised require definition of attribute for the child) Attributes (not just attribute values, but attributes, compare to java class instead of object) are first class, allowing for general definitions of copy and chain rules, etc. 
--

%article
J.W.C. Koorn:
GSE: a generic text and structure editor

only text editing in focus
--

%book?
mathspad

not really generic. Can grammar be changed?
very basic presentation specification language. presentations can be stacked vertically in stacks with 3 fields. Alignment is baseline or centerline. Some basic fillers (dots, line, space) are available. Not WYSIWYG: roots are quite different.
--











crap editors:

@inproceedings{garlan84gnome,
 author = {David B. Garlan and Philip L. Miller},
 title = {GNOME: An introductory programming environment based on a family of structure editors},
 booktitle = {Proceedings of the first ACM SIGSOFT/SIGPLAN software engineering symposium on Practical software development environments},
 year = {1984},
 isbn = {0-89791-131-8},
 pages = {65--72},
 doi = {http://doi.acm.org/10.1145/800020.808250},
 }


@inproceedings{fischer84poe,
 author = {C. N. Fischer and Gregory F. Johnson and Jon Mauney and Anil Pal and Daniel L. Stock},
 title = {The Poe language-based editor project},
 booktitle = {Proceedings of the first ACM SIGSOFT/SIGPLAN software engineering symposium on Practical software development environments},
 year = {1984},
 isbn = {0-89791-131-8},
 pages = {21--29},
 doi = {http://doi.acm.org/10.1145/800020.808245},
 }


@inproceedings{reiss84pecan,
 author = {Steven P. Reiss},
 title = {Pecan: Program development systems that support multiple views},
 booktitle = {Proceedings of the 7th international conference on Software engineering},
 year = {1984},
 isbn = {0-8186-0528-6},
 pages = {324--333},
 location = {Orlando, Florida, United States},
 }

@inproceedings{normark88muir,
 author = {Kurt Normark},
 title = {MUIR - a language development environment},
 booktitle = {Proceedings of the 1988 ACM SIGSMALL/PC symposium on ACTES},
 year = {1988},
 isbn = {0-89791-255-1},
 pages = {22--27},
 location = {Cannes, France},
 doi = {http://doi.acm.org/10.1145/62453.62458},
 publisher = {ACM Press},
 }


@inproceedings{wallace01cutpaste,
 author = {Glen Wallace and Robert Biddle and Ewan Tempero},
 title = {Smarter cut-and-paste for programming text editors},
 booktitle = {Proceedings of the 2nd Australasian conference on User interface},
 year = {2001},
 isbn = {0-7695-0969-X},
 pages = {56--63},
 location = {Queensland, Australia},
 publisher = {IEEE Computer Society Press},
 }


